
<record>
  <controlfield tag="001">874889</controlfield>
  <datafield tag="245" ind1=" " ind2=" ">
    <subfield code="a">The Einstein Telescope: A third-generation gravitational wave observatory</subfield>
  </datafield>
  <datafield tag="024" ind1="7" ind2=" ">
    <subfield code="a">10.1088/0264-9381/27/19/194002</subfield>
    <subfield code="2">DOI</subfield>
  </datafield>
  <datafield tag="035" ind1=" " ind2=" ">
    <subfield code="a">Punturo:2010zz</subfield>
    <subfield code="9">SPIRESTeX</subfield>
  </datafield>
</record>